<?xml version="1.0" encoding="utf-8"?>
<record xmlns="http://www.loc.gov/MARC21/slim" xmlns:xsi="http://www.w3.org/2001/XMLSchema-instance" xsi:schemaLocation="http://www.loc.gov/MARC21/slim http://www.loc.gov/standards/marcxml/schema/MARC21slim.xsd">
	<leader>     nam a22        4500</leader>
	<controlfield tag="001">3367871</controlfield>
	<controlfield tag="003">NNC</controlfield>
	<controlfield tag="006">m        d        </controlfield>
	<controlfield tag="007">cr cn |||m|||a</controlfield>
	<controlfield tag="008">150603s1901    ua      o     000 0 arard</controlfield>
	<datafield ind1=" " ind2=" " tag="040">
		<subfield code="a">NNU</subfield>
		<subfield code="b">eng</subfield>
		<subfield code="e">rda</subfield>
		<subfield code="c">NNU</subfield>
	</datafield>
	<datafield ind1="1" ind2=" " tag="100">
		<subfield code="6">880-01</subfield>
		<subfield code="a">Ṭāʼī, Muṣṭafá ibn Muḥammad,</subfield>
		<subfield code="d">1725 or 1726-1778.</subfield>
	</datafield>
	<datafield ind1="1" ind2="0" tag="245">
		<subfield code="6">880-02</subfield>
		<subfield code="a">Sharḥ Muṣṭafá ibn Abī ʻAbd Allāh ibn Muḥammad ibn Yūnis ibn al-Nuʻmān al-Ṭāʼī al-musammá Kanz al-bayān mukhtaṣar Tawfīq al-Raḥmān ʻalá matn al-kanz li-ʻAbd Allāh ibn Aḥmad ibn Maḥmūd al-Nasafī fī madhhab Abī Ḥanīfah al-Nuʻmān. Wa-bi-hāmishihi al-dhakhāʼir al-ashrafīyah fī alghāz al-Ḥanafīyah /</subfield>
		<subfield code="c">li-al-Shaykh ibn al-Shiḥnah al-Ḥanafī.</subfield>
	</datafield>
	<datafield ind1="3" ind2="0" tag="246">
		<subfield code="6">880-03</subfield>
		<subfield code="a">Kanz al-bayān</subfield>
	</datafield>
	<datafield ind1=" " ind2=" " tag="260">
		<subfield code="6">880-04</subfield>
		<subfield code="a">Miṣr :</subfield>
		<subfield code="b">al-Maṭbaʻah al-Maḥmūdīyah,</subfield>
		<subfield code="c">1319 [1901 or 2]</subfield>
	</datafield>
	<datafield ind1=" " ind2=" " tag="300">
		<subfield code="a">online resource (212 pages)</subfield>
	</datafield>
	<datafield ind1=" " ind2=" " tag="336">
		<subfield code="a">text</subfield>
		<subfield code="2">rdacontent</subfield>
	</datafield>
	<datafield ind1=" " ind2=" " tag="337">
		<subfield code="a">computer</subfield>
		<subfield code="2">rdamedia</subfield>
	</datafield>
	<datafield ind1=" " ind2=" " tag="338">
		<subfield code="a">online resource</subfield>
		<subfield code="2">rdacarrier</subfield>
	</datafield>
	<datafield ind1=" " ind2=" " tag="500">
		<subfield code="a">Part of the Arabic Collections Online (ACO) project, contributed by Columbia University Libraries.</subfield>
	</datafield>
	<datafield ind1=" " ind2=" " tag="533">
		<subfield code="a">Electronic reproduction.</subfield>
		<subfield code="b">New York, N.Y. :</subfield>
		<subfield code="c">New York University,</subfield>
		<subfield code="d">2015.</subfield>
		<subfield code="5">NNU</subfield>
	</datafield>
	<datafield ind1="1" ind2=" " tag="700">
		<subfield code="6">880-05</subfield>
		<subfield code="a">Nasafī, ʻAbd Allāh ibn Aḥmad,</subfield>
		<subfield code="d">-1310.</subfield>
	</datafield>
	<datafield ind1="1" ind2=" " tag="700">
		<subfield code="6">880-06</subfield>
		<subfield code="a">Ibn al-Shiḥnah, ʻAbd al-Barr ibn Muḥammad,</subfield>
		<subfield code="d">1447 or 1448-1515 or 1516.</subfield>
	</datafield>
	<datafield ind1="2" ind2=" " tag="710">
		<subfield code="a">Columbia University.</subfield>
		<subfield code="b">Libraries.</subfield>
	</datafield>
	<datafield ind1="0" ind2=" " tag="730">
		<subfield code="a">Arabic Collections Online.</subfield>
	</datafield>
	<datafield ind1="0" ind2="2" tag="740">
		<subfield code="6">880-07</subfield>
		<subfield code="a">Dhakhāʼir al-ashrafīyah fī alghāz al-Ḥanaf-iyah.</subfield>
	</datafield>
	<datafield ind1="0" ind2="8" tag="776">
		<subfield code="i">Print version:</subfield>
		<subfield code="a">Ṭāʼī, Muṣṭafá ibn Muḥammad, 1725 or 1726-1778.</subfield>
		<subfield code="t">Sharḥ Muṣṭafá ibn Abī ʻAbd Allāh ibn Muḥammad ibn Yūnis ibn al-Nuʻmān al-Ṭāʼī al-musammá Kanz al-bayān mukhtaṣar Tawfīq al-Raḥmān ʻalá matn al-kanz li-ʻAbd Allāh ibn Aḥmad ibn Maḥmūd al-Nasafī fī madhhab Abī Ḥanīfah al-Nuʻmān. Wa-bi-hāmishihi al-dhakhāʼir al-ashrafīyah fī alghāz al-Ḥanafīyah</subfield>
		<subfield code="w">(NNC)3367871</subfield>
		<subfield code="w">(OCoLC)43779008</subfield>
	</datafield>
	<datafield ind1="4" ind2="0" tag="856">
		<subfield code="u">http://hdl.handle.net/2333.1/rr4xh0v1</subfield>
	</datafield>
	<datafield ind1="1" ind2=" " tag="880">
		<subfield code="6">100-01/r</subfield>
		<subfield code="a">طائي، مصطفى بن محمد،,</subfield>
		<subfield code="d">1725 or 1726-1778.</subfield>
	</datafield>
	<datafield ind1="1" ind2="0" tag="880">
		<subfield code="6">245-02/r</subfield>
		<subfield code="a">شرح مصطفى بن ابي عبد الله بن محمد بن يونس بن النعمان الطائي المسمى كنز البيان مختصر توفيق الرحمن على متن الكنز لعبد الله بن احمد بن محمود النسفي في مذهب ابي حنيفة النعمان. وبهامشه الذخائر الاشرفية في الغاز الحنفية / لالشيخ بن الشحنة الحنفي.</subfield>
	</datafield>
	<datafield ind1="3" ind2="0" tag="880">
		<subfield code="6">246-03/r</subfield>
		<subfield code="a">كنز البيان</subfield>
	</datafield>
	<datafield ind1=" " ind2=" " tag="880">
		<subfield code="6">260-04/r</subfield>
		<subfield code="a">مصر :</subfield>
		<subfield code="b">المطبعة المحمودية،</subfield>
		<subfield code="c">1319 [1901 or 2]</subfield>
	</datafield>
	<datafield ind1="1" ind2=" " tag="880">
		<subfield code="6">700-05/r</subfield>
		<subfield code="a">نسفي، عبد الله بن احمد،,</subfield>
		<subfield code="d">-1310.</subfield>
	</datafield>
	<datafield ind1="1" ind2=" " tag="880">
		<subfield code="6">700-06/r</subfield>
		<subfield code="a">ابن الشحنة، عبد البر بن محمد،,</subfield>
		<subfield code="d">1447 or 1448-1515 or 1516.</subfield>
	</datafield>
	<datafield ind1="0" ind2="2" tag="880">
		<subfield code="6">740-07/r</subfield>
		<subfield code="a">ذخائر الاشرفية في الغاز الحنفاية.</subfield>
	</datafield>
	<datafield ind1=" " ind2=" " tag="959">
		<subfield code="a">NNU</subfield>
		<subfield code="b">WEB</subfield>
		<subfield code="c">GENI</subfield>
		<subfield code="t">0</subfield>
		<subfield code="m">Electronic access</subfield>
		<subfield code="s">01</subfield>
	</datafield>
	<datafield ind1=" " ind2=" " tag="999">
		<subfield code="i">NNC_3367871</subfield>
		<subfield code="o">(OCoLC)ocm43779008 </subfield>
		<subfield code="s">columbia_aco000770</subfield>
	</datafield>
</record>
